%% This BibTeX bibliography file was created using BibDesk.
%% http://bibdesk.sourceforge.net/

%% Saved with string encoding Unicode (UTF-8) 


@ARTICLE{SCARA-uvod,
  author = {A. Gasparetto and L. Scalera},
  year = {2019},
  title = {A Brief History of Industrial Robotics in the 20th Century},
  urldate ={2024-4-10},
  url = {https://air.uniud.it/handle/11390/1171988}, 
  langid = {english}
}


@ARTICLE{SCARA-struktura,
  author = {J. E. Lavin-Delgado and S. Chavez-Vazquez and J. F. Gomez-Aguilar and G.
Delgado-Reyes and M. A. Ruiz-Jaimes},
  year = {2020},
  title = {Fractional-order passivity-based adaptive controller for a robot manipulator
type scara},
  urldate ={2005-08-15},
  url = {https://www.worldscientific.com/doi/abs/10.1142/S0218348X20400083}, 
  langid = {english}
}

@BOOK{RRT-Kuffner,
  author = {J.J. Kuffner and S.M. LaValle}, 
  year={2000},
  title = {RRT-connect: An efficient approach to single-query path planning}, 
  location = {San Francisco, CA, USA}, 
  publisher = {IEEE},
  pagetotal =  {7},
  isbn =  {0-7803-5886-4}
}

@article{Potencialove_pole,
title = {Vision-based intelligent path planning for SCARA arm},
journal = {Cognitive Robotics},
volume = {1},
pages = {168-181},
year = {2021},
issn = {2667-2413},
doi = {https://doi.org/10.1016/j.cogr.2021.09.002},
url = {https://www.sciencedirect.com/science/article/pii/S2667241321000161},
author = {Yogesh Gautam and Bibek Prajapati and Sandeep Dhakal and Bibek Pandeya and Bijendra Prajapati},
}

@ARTICLE{STOMP,
  author = {Michal Dobiš and Martin Dekan and Adam Sojka and Peter Beňo and František Duchoň},
  year = {2021},
  title = {Cartesian Constrained Stochastic Trajectory Optimization for Motion Planning},
  urldate ={2024-4-23},
  url = {https://www.mdpi.com/2076-3417/11/24/11712}, 
  langid = {english}
}

@ONLINE{RRT-python,
  author = {SZanlongo},
  title = {{motion-planning}},
  subtitle = {rrt-algorithms}, 
  url = {https://github.com/motion-planning/rrt-algorithms},
  urldate = {2024-4-20}
}

@ONLINE{FK,
  author = {Akshit Lunia and Ashley Stevens and Cavender Holt and Rhyan Morgan and Joshua Norris and Shailendran Poyyamozhi and Yehua Zhong}, 
  editor = {Yue Wang},
  title = {{Modeling, Motion Planning, and Control of Manipulators and Mobile Robots}},
  url = {https://opentextbooks.clemson.edu/wangrobotics/},
  urldate = {2024-4-28}
}

@ONLINE{IK,
  author = {Peter Corke},
  title = {{Inverse Kinematics for a 2-Joint Robot Arm Using Geometry}},
  url = {https://robotacademy.net.au/lesson/inverse-kinematics-for-a-2-joint-robot-arm-using-geometry/},
  urldate = {2024-4-28}
}


@ONLINE{t00,
  editor = {Bratková, Eva},
  editortype={compiler},
  title =  {Metody citování literatury a strukturování bibliografických záznamů podle mezinárodních norem ISO 690 a ISO 690-2}, 
  subtitle = {metodický materiál pro autory vysokoškolských kvalifikačních prací}, edition = {Verze 2.0, aktualiz. a rozšíř.}, 
  location = {Praha},
  publisher = {Odborná komise pro otázky elektronického zpřístupňování vysokoškolských kvalifikačních prací, Asociace knihoven vysokých škol ČR},
  date = {2008-12-22},
  pagetotal = {60}, 
  url = {http://www.evskp.cz/SD/4c.pdf},
  urldate = {2011-02-02}
}

@BOOK{t01,
  author = {Borgman, Christine L.}, 
  year={2003},
  title = {From Gutenberg to the global information infrastructure}, 
  subtitle = {access to information in the networked world},
  edition= {first},
  location = {Cambridge (Mass)}, 
  publisher = {The MIT Press},
  pagetotal =  {xviii, 324},
  isbn =  {0-262-52345-0}
}

@INCOLLECTION{t02,
  author = {Greenberg, David}, 
  year = {1998},
  title = {Camel drivers and gatecrashers},
  subtitle = {quality control in the digital research library},
  editor = {Hawkins, B.L and Battin, P},
  booktitle = {The mirage of continuity},
  booksubtitle = {reconfiguring academic information resources for the 21st  century}, 
  location = {Washington (D.C.)}, 
  publisher = {Council on Library and Information Resources; Association of American Universities}, 
  pages = {105-116},
  langid = {english}
}

@ARTICLE{t03,
  author = {LYNCH, C.},
  year = {2005},
  title = {Where do we go from here?},
  subtitle = {the next decade for digital libraries},
  journaltitle = {DLib Magazine},
  volume =  {11},
  number = {7/8},
  urldate ={2005-08-15},
  url = {http://www.dlib.org/dlib/july05/lynch/07lynch.html}, 
  issn = {1082-9873},
  langid = {english}
}

@ARTICLE{cr,
  author = {{Národní knihovna}},
  title = {A big paper},
  journaltitle = {The journal of big papers},
  year = {1991},
  volume = {12},
  number = {3},
  issn={2232-332X},
  langid={english}
}

@BOOK{kniha,
  title = {A big paper},
  subtitle={Podtitul},
  publisher = {Academia},
  year = {1991},
  author = {Děťa, Hugh and Rychlík, Tomáš},
  edition = {2},
  pagetotal = {550},
  location = {Praha},
  series={Pokusná edice},
  isbn={978-44-55-X},
  url={http://pokus.cz},
  comment={Dostupné také z WWW},
  urldate = {2011-01-12}
}

@BOOK{kniha2,
  title = {Úplně úžasná knížka},
  year = {1991},
  author = {Děťa, Hugh and Rychlík, Tomáš and Další, Pepa and Spousta, Pepa and Skoro, Moc and Ale, Nestačí and Hodně},
  edition = {3},
  address = {Praha}
}

@BOOK{kniha3,
  title = {Úplně úžasná knížka},
  year = {1991},
  author = {Děťa, Hugh and Rychlík, Tomáš and Další, Pepa and Spousta, Pepa and Skoro, Moc and Ale, Nestačí and Hodně},
  edition = {3},
  publisher={MIT Press},
  address = {Praha},
  pagetotal={332},
  langid={english}
}

@ARTICLE{small,
  author = {Freely, I.P.},
  title = {A small paper},
  subtitle = {Podtitulek},
  journaltitle = {The journal of small papers},
  year = {1997},
  volume = {1},
  note = {to appear},
  pages={2-5},
  number={3}
}

@ARTICLE{big,
  author = {Jass, Hugh},
  title = {A big paper},
  journal = {The journal of big papers},
  year = {1991},
  volume = {23}
}

@ARTICLE{cs,
  COMMENT_OUTauthor = {Černý, Hugh},
  title = {Titulek},
  journal = {The journal of big papers},
  year = {1991},
  volume = {12},
  pages = {22-44},
  doi = {10.112.22/jkn},
  number = {2},
}

@BOOK{koll,
  author = {Kollmannová, Ludmila and Bubeníková, Libuše and Kopecká, Alena},
  title = {Angličtina pro samouky}, 
  edition = {5},
  location = {Praha}, 
  publisher = {Státní pedagogické nakladatelství}, 
  year = {1977}, 
  pagetotal = {525},
  series = {Učebnice pro samouky},
  number = {4},
  isbn = {80-04-25663-5}
}

@INBOOK{kap,
  author = {Novotná, Pepina},
  title = {Podkapitola},
  pages = {22-29},
  chapter = {2.},
  crossref = {koll}
}

@PERIODICAL{tug,
  journaltitle = {TUGBoat},
  publisher = {TUG},
  issn = {1222-3333},
  langid = {english},
  date = {1980/},
  options = {skipbib=true},
  url={http://tugboat.tug.org/}
}

@ARTICLE{knuth,
  author = {Knuth, Donald},
  title = {Journeys of \TeX},
  volume = {17},
  number = {3},
  year = {2003},
  pages = {12-22},
  url = {http://tugboat.tug.org/kkk.pdf},
  crossref={tug}
}

@COLLECTION{zbornik,
title = {Mimořádně užitečný sborník},
editor = {Geniální, Jiří},
year = {2007},
location = {Praha},
publisher = {Academia},
isbn = {978-222-626-222-2}
}
@INCOLLECTION{prispevok,
crossref = {zbornik},
title = {Velmi zajímavý článek},
author = {Vlaštovka, Josef},
pages = {22-45}
}